<?xml version="1.0" encoding="UTF-8"?><collection xmlns="http://www.loc.gov/MARC21/slim"><record><leader>00371nam--2200133-i-4500</leader><controlfield tag="001">000007213</controlfield><controlfield tag="002">20161230</controlfield><controlfield tag="005">20161230201027</controlfield><controlfield tag="008">060222s1000------------r-----000-0-eng-d</controlfield><datafield ind1=" " ind2=" " tag="080"><subfield code="a">539.163.2</subfield></datafield><datafield ind1=" " ind2=" " tag="245"><subfield code="a">Alpha beta and gamma ray spectroscopy</subfield></datafield><datafield ind1=" " ind2=" " tag="260"><subfield code="a">Amsterdam, North Holland Publishing Company 1968 Xliii - Lv + 863 - 1742 P</subfield></datafield><datafield ind1=" " ind2=" " tag="700"><subfield code="a">Kai Siegbahn</subfield></datafield><datafield ind1=" " ind2=" " tag="852"><subfield code="a">20451</subfield></datafield></record></collection>